@BOOK{Jung2004,
  AUTHOR =      {C. F. Jung},
  TITLE =       {Metodologia para pesquisa e desenvolvimento: aplicada a
novas tecnologias, produtos e processos},
  PUBLISHER = 	{Axcel Books do Brasil Editora. Rio De Janeiro/RJ},
  YEAR =        {2004},
  EDITION = 	{1},
}

@BOOK{Martelli2013,
  AUTHOR =      {Alex Martelli, Anna Ravenscroft e David Ascher},
  TITLE =       {Python Cookbook},
  PUBLISHER = 	{Axcel Books do Brasil Editora. Rio De Janeiro/RJ},
  YEAR =        {2013},
  EDITION = 	{3},
}

@ARTICLE{Feldman2004,
  AUTHOR =      {José Feldman and Gerson P. Goldwasser},
  TITLE =       {Eletrocardiograma: recomendações para a sua interpretação},
  JOURNAL =   	{Universidade Federal do Rio de Janeiro, Faculdade de Medicina Souza Marques, Universidade Gama Filho. Revista da SOCERJ},
  YEAR =        {2004}
}

@ARTICLE{Camilo2009,
  AUTHOR =      {Cássio Oliveira Camilo and João Carlos da Silva},
  TITLE =       {Mineração de Dados: Conceitos, Tarefas, Méto dos e Ferramentas},
  JOURNAL =   	{Instituto de Informática Universidade Federal de Goiás},
  YEAR =        {2009}
}


@ARTICLE{Ramos2007,
  AUTHOR =      {Ângela Patrícia Ramos and Bolivar Saldanha Sousa},
  TITLE =       {Eletrocardiograma: princípios, conceitos e aplicações},
  JOURNAL =   	{Centro de Estudos de Fisiologia do Exercício Universidade Federal de São Paulo},
  YEAR =        {2007}
}

@ARTICLE{McCormack2013,
  AUTHOR =      {Melissa McCormack},
  TITLE =       {Compare Medical Practice Management Software},
  JOURNAL =   	{Software Selection Advice},
  YEAR =        {2013}
}

@ARTICLE{AMA,
  AUTHOR =      {American Medical Association},
  TITLE =       {How to Select a Practice Management System},
  JOURNAL =   	{AMA-ASSN},
  YEAR =        {2013}
}

@ARTICLE{Macfarlane2000,
  AUTHOR =      {P. Macfarlane},
  TITLE =       {Minnesota coding and the prevalence of ECG abnormalities},
  JOURNAL =   	{US National Institutes of Healt},
  YEAR =        {2000}
}

@ARTICLE{Kors2000,
  AUTHOR =      {Jan A. Kors and Richard S. Crow},
  TITLE =       {Comparison of COmputer-assigned Minnesota Codes},
  JOURNAL =   	{American Journal of Epidemiology},
  YEAR =        {2000}
}

@ARTICLE{Kors1996,
  AUTHOR =      {Jan A. Kors and J. G Wu},
  TITLE =       {Validation of a new computer program for Minnesota coding},
  JOURNAL =   	{J Electrocardiol},
  YEAR =        {1996}
}

@ARTICLE{Ambrosio2004,
  AUTHOR =      {Luciana Leal Ambrosio and Mariza A. S. Bigonha and Roberto da Silva Bigonha},
  TITLE =       {Alocação global de registradores baseada em crescimento de domínios ativos e combinação de registradores},
  JOURNAL =   	{8 Simpósio Brasileiro de Linguagens de Programação},
  YEAR =        {2004},
  PAGES =      	{157-171}
}

@ARTICLE{Lattner2004,
  AUTHOR =      {Chris Lattner and Vikram S. Adve},
  TITLE =       {Llvm A compilation framework for lifelong program analysis and transformation},
  JOURNAL =   	{CGO, IEEE},
  YEAR =        {2004},
  PAGES =      	{75-88}
}

@ARTICLE{Leung1999,
  AUTHOR =      {Allen Leung and Lal George},
  TITLE =       {Static single assignment form for machine code},
  JOURNAL =   	{PLDI, ACM},
  YEAR =        {1999},
  PAGES =      	{204-214}
}

@ARTICLE{Mossenbock2002,
  AUTHOR =      {Hanspeter Mossenbock and Michael Pfeiffer},
  TITLE =       {Linear scan register allocation in the context of SSA form and register constraints},
  JOURNAL =   	{CC, LNCS},
  YEAR =        {2002},
  PAGES =      	{229-246}
}

@MASTERSTHESIS{Ottoni2002,
  AUTHOR =      {Guilherme Lima Ottoni},
  TITLE =       {Alocação global de registradores de endereçamento para referências a vetores em dsps},
  PUBLISHER =  	{Universidade Estadual de Campinas (UNICAMP)},
  YEAR =        {2002}
}

@ARTICLE{Pereira2005,
  AUTHOR =      {Fernando Magno Quintao Pereira and Jens Palsberg},
  TITLE =       {Register allocation via coloring of chordal graphs},
  JOURNAL =   	{APLAS 05, Asian Symposium on Programming Languages and Systems},
  YEAR =        {2005},
  PAGES =      	{315-329}
}

@PHDTHESIS{Pereira2008,
  AUTHOR =      {Fernando Magno Quintao Pereira},
  TITLE =       {Register Allocation by Puzzle Solving},
  SCHOOL =  	{University of California},
  YEAR =        {2008}
}

@BOOK{Andrew2002,
  AUTHOR =      {Andrew W. Appel and Jens Palsberg},
  TITLE =       {Modern Compiler Implementation in Java},
  PUBLISHER = 	{Cambridge University Press},
  YEAR =        {2002},
  EDITION = 	{2}
}

@PHDTHESIS{Briggs1992,
  AUTHOR =      {Preston Briggs},
  TITLE =       {Register Allocation via Graph Coloring},
  SCHOOL =   	{Rice University},
  YEAR =        {1992},
}

@ARTICLE{Chatin1981,
  AUTHOR =      {Gregory J. Chaitin and Mark A. Auslander},
  TITLE =       {Register allocation via coloring},
  JOURNAL =   	{Computer Languages},
  YEAR =        {1981},
  PAGES =      	{47-57}
}

@BOOK{Muchnick1997,
  AUTHOR =      {Steven S. Muchnick},
  TITLE =       {Advanced Compiler Design and Implementation},
  PUBLISHER = 	{Morgan Kaufmann},
  YEAR =        {1997}
}

@BOOK{Poletto1999,
  AUTHOR =	{Massimiliano Poletto and Vivek Sarkar},
  TITLE = 	{Linear scan register allocation},
  PAGES =	{895–913},
  YEAR =	{1999},
  PUBLISHER = 	{Toplas}
}

@ONLINE{Regallocasic,
  TITLE =	{Basic register allocator - Regallocbasic.cpp},
  URL = 	{http://llvm.org/docs/doxygen/html/RegAllocBasic8cppsource.html},
  MONTH = 	{jun},
  YEAR = 	{2011}
}

@ONLINE{PythonAPI,
  TITLE =	{Python 3.3 API Reference Manual},
  URL =		{http://docs.python.org/3.3/c-api/},
  MONTH = 	{Junho},
  YEAR = 	{2013}
}

@ONLINE{Pyramis,
  TITLE =	{Cardiac Science Corporation. Pyramis ECG Management},
  URL =		{http://www.cardiacscience.com/assets/008/5959.pdf},
  MONTH = 	{Junho},
  YEAR = 	{2013}
}
